


\\\ related

@inproceedings{Machida2021,
   author = {Fumio Machida and Ermeson Andrade},
   doi = {10.1109/PRDC53464.2021.00021},
   isbn = {9781665424769},
   issn = {15410110},
   journal = {Proceedings of IEEE Pacific Rim International Symposium on Dependable Computing, PRDC},
   keywords = {availability,drone,energy consumption,modeling,offloading},
   pages = {93-103},
   publisher = {IEEE Computer Society},
   title = {Availability Modeling for Drone Image Processing Systems with Adaptive Offloading},
   volume = {2021-December},
   year = {2021},
}

@inproceedings{Zaitseva2020,
   author = {Elena Zaitseva and Vitaly Levashenko and Miroslav Kvassay and Vyacheslav Kharchenko},
   isbn = {9789811485930},
   journal = {Proceedings of the 30th European Safety and Reliability Conference and the 15th Probabilistic Safety Assessment and Management Conference},
   keywords = {Direct partial Boolean derivatives,Drone fleet; reliability; monitoring; multi-state system,K-out-of-n system,Structure function},
   pages = {4883-4889},
   publisher = {Research Publishing, Singapore},
   title = {Reliability evaluation of heterogeneous drone fleet by structure function based method},
   year = {2020}
}


@inproceedings{Maccarthy2019,
  title={The Drone System II: Availability Performance Analysis and Modeling},
  author={MacCarthy, John},
  booktitle={INCOSE International Symposium},
  volume={29},
  number={1},
  pages={910--921},
  year={2019},
  organization={Wiley Online Library}
}

@article{Petritoli2018,
   author = {Enrico Petritoli and Fabio Leccese and Lorenzo Ciani},
   doi = {10.3390/s18093171},
   issn = {14248220},
   issue = {9},
   journal = {Sensors (Switzerland)},
   keywords = {Aerial,Confidence interval,Corrective,Hard failure,Maintainability,Maintenance,Preventive,RAMS,Reliability,Soft failure,UAV,Uncertainty,Unmanned,Vehicle},
   month = {9},
   pmid = {30235897},
   publisher = {MDPI AG},
   title = {Reliability and maintenance analysis of unmanned aerial vehicles},
   volume = {18},
   year = {2018}
}

@inproceedings{Petritoli2017,
   author = {Enrico Petritoli and Fabio Leccese and Lorenzo Ciani},
   doi = {10.1109/MetroAeroSpace.2017.7999577},
   isbn = {9781509042340},
   booktitle = {4th IEEE International Workshop on Metrology for AeroSpace, MetroAeroSpace 2017 - Proceedings},
   keywords = {Availability,Maintainability,RAMS Reliability,Safety,UAV},
   month = {8},
   pages = {266-270},
   publisher = {Institute of Electrical and Electronics Engineers Inc.},
   title = {Reliability assessment of UAV systems},
   year = {2017},
}

@inproceedings{rusnak2019reliability,
  title={Reliability assessment of heterogeneous drone fleet with sliding redundancy},
  author={Rusnak, Patrik and Kvassay, Miroslav and Zaitseva, Elena and Kharchenko, Vyacheslav and Fesenko, Herman},
  booktitle={2019 10th International Conference on Dependable Systems, Services and Technologies (DESSERT)},
  pages={19--24},
  year={2019},
  organization={IEEE}
}

@inproceedings{watanabe2022availability,
  title={Availability Analysis of a Drone System with Proactive Offloading for Software Life-extension},
  author={Watanabe, Kengo and Machida, Fumio},
  booktitle={2022 IEEE International Conference on Omni-layer Intelligent Systems (COINS)},
  pages={1--6},
  year={2022},
  organization={IEEE}
}

\\ background

@article{avizienis2004basic,
  title={Basic concepts and taxonomy of dependable and secure computing},
  author={Avizienis, Algirdas and Laprie, J-C and Randell, Brian and Landwehr, Carl},
  journal={IEEE transactions on dependable and secure computing},
  volume={1},
  number={1},
  pages={11--33},
  year={2004},
  publisher={IEEE}
}

@book{trivedi2008probability,
  title={Probability \& statistics with reliability, queuing and computer science applications},
  author={Trivedi, Kishor S},
  year={2008},
  publisher={John Wiley \& Sons}
}


@book{german2000performance,
  title={Performance analysis of communication systems with non-Markovian stochastic Petri nets},
  author={German, Reinhard},
  year={2000},
  publisher={John Wiley \& Sons, Inc.}
}

@article{marsan1998modelling,
  title={Modelling with generalized stochastic Petri nets},
  author={Marsan, M Ajmone and Balbo, Gianfranco and Conte, Gianni and Donatelli, Susanna and Franceschinis, Giuliana},
  journal={ACM SIGMETRICS performance evaluation review},
  volume={26},
  number={2},
  pages={2},
  year={1998},
  publisher={ACM New York, NY, USA}
}

@article{molloy1982integration,
  title={ON THE INTEGRATION OF DELAY AND THROUGHPUT MEASURES IN DISTRIBUTED PROCESSING MODELS.},
  author={Molloy, Michael Karl},
  year={1982}
}

@book{daniel2004performance,
  title={Performance by design: computer capacity planning by example},
  author={Daniel, Menasce and Almeida, Virgilio AF and Dowdy, Lawrence W and Dowdy, Larry and others},
  year={2004},
  publisher={Prentice Hall Professional}
}

@incollection{maciel2012dependability,
  title={Dependability modeling},
  author={Maciel, Paulo RM and Trivedi, Kishor S and Matias, Rivalino and Kim, Dong Seong},
  booktitle={Performance and dependability in service computing: concepts, techniques and research directions},
  pages={53--97},
  year={2012},
  publisher={IGI Global}
}

@article{maciel2021survey,
  title={A survey on reliability and availability modeling of edge, fog, and cloud computing},
  author={Maciel, Paulo and Dantas, Jamilson and Melo, Carlos and Pereira, Paulo and Oliveira, Felipe and Araujo, Jean and Matos, Rubens},
  journal={Journal of Reliable Intelligent Environments},
  pages={1--19},
  year={2021},
  publisher={Springer}
}

@article{clemente2022availability,
  title={Availability evaluation of system service hosted in private cloud computing through hierarchical modeling process},
  author={Clemente, Danilo and Pereira, Paulo and Dantas, Jamilson and Maciel, Paulo},
  journal={The Journal of Supercomputing},
  volume={78},
  number={7},
  pages={9985--10024},
  year={2022},
  publisher={Springer}
}

\\ introduction

@inproceedings{al2020internet,
  title={Internet of things market analysis forecasts, 2020--2030},
  author={Al-Sarawi, Shadi and Anbar, Mohammed and Abdullah, Rosni and Al Hawari, Ahmad B},
  booktitle={2020 Fourth World Conference on smart trends in systems, security and sustainability (WorldS4)},
  pages={449--453},
  year={2020},
  organization={IEEE}
}
\\ --UAVs areas

@inproceedings{basilico2015deploying,
  title={Deploying teams of heterogeneous UAVs in cooperative two-level surveillance missions},
  author={Basilico, Nicola and Carpin, Stefano},
  booktitle={2015 IEEE/RSJ International Conference on Intelligent Robots and Systems (IROS)},
  pages={610--615},
  year={2015},
  organization={IEEE}
}

@inproceedings{lottes2017uav,
  title={UAV-based crop and weed classification for smart farming},
  author={Lottes, Philipp and Khanna, Raghav and Pfeifer, Johannes and Siegwart, Roland and Stachniss, Cyrill},
  booktitle={2017 IEEE international conference on robotics and automation (ICRA)},
  pages={3024--3031},
  year={2017},
  organization={IEEE}
}

@article{cesetti2011visual,
  title={A visual global positioning system for unmanned aerial vehicles used in photogrammetric applications},
  author={Cesetti, Andrea and Frontoni, Emanuele and Mancini, Adriano and Ascani, Andrea and Zingaretti, Primo and Longhi, Sauro},
  journal={Journal of intelligent \& robotic systems},
  volume={61},
  number={1},
  pages={157--168},
  year={2011},
  publisher={Springer}
}

@article{maza2011experimental,
  title={Experimental results in multi-UAV coordination for disaster management and civil security applications},
  author={Maza, Iv{\'a}n and Caballero, Fernando and Capit{\'a}n, Jes{\'u}s and Mart{\'\i}nez-de-Dios, Jos{\'e} Ramiro and Ollero, An{\'\i}bal},
  journal={Journal of intelligent \& robotic systems},
  volume={61},
  number={1},
  pages={563--585},
  year={2011},
  publisher={Springer}
}

@inproceedings{pham2017distributed,
  title={A distributed control framework for a team of unmanned aerial vehicles for dynamic wildfire tracking},
  author={Pham, Huy X and La, Hung M and Feil-Seifer, David and Deans, Matthew},
  booktitle={2017 IEEE/RSJ International Conference on Intelligent Robots and Systems (IROS)},
  pages={6648--6653},
  year={2017},
  organization={IEEE}
}

@inproceedings{renzaglia2016monitoring,
  title={Monitoring the evolution of clouds with UAVs},
  author={Renzaglia, Alessandro and Reymann, Christophe and Lacroix, Simon},
  booktitle={2016 IEEE international conference on robotics and automation (ICRA)},
  pages={278--283},
  year={2016},
  organization={IEEE}
}

@article{guerrero2013uav,
  title={UAV path planning for structure inspection in windy environments},
  author={Guerrero, Jose Alfredo and Bestaoui, Yasmina},
  journal={Journal of Intelligent \& Robotic Systems},
  volume={69},
  number={1},
  pages={297--311},
  year={2013},
  publisher={Springer}
}

@inproceedings{chang2017development,
  title={Development of a power line inspection robot with hybrid operation modes},
  author={Chang, Wenkai and Yang, Guodong and Yu, Junzhi and Liang, Zize and Cheng, Long and Zhou, Chao},
  booktitle={2017 IEEE/RSJ International Conference on Intelligent Robots and Systems (IROS)},
  pages={973--978},
  year={2017},
  organization={IEEE}
}

\\ methodology

@article{melo2021distributed,
  title={Distributed application provisioning over Ethereum-based private and permissioned blockchain: availability modeling, capacity, and costs planning},
  author={Melo, Carlos and Dantas, Jamilson and Pereira, Paulo and Maciel, Paulo},
  journal={The Journal of Supercomputing},
  volume={77},
  number={9},
  pages={9615--9641},
  year={2021},
  publisher={Springer}
}

@inproceedings{maciel2017mercury,
  title={Mercury: Performance and dependability evaluation of systems with exponential, expolynomial, and general distributions},
  author={Maciel, Paulo and Matos, Rubens and Silva, Bruno and Figueiredo, Jair and Oliveira, Danilo and F{\'e}, Iure and Maciel, Ronierison and Dantas, Jamilson},
  booktitle={2017 IEEE 22nd Pacific Rim international symposium on dependable computing (PRDC)},
  pages={50--57},
  year={2017},
  organization={IEEE}
}

@article{de2014redundant,
  title={Redundant vod streaming service in a private cloud: Availability modeling and sensitivity analysis},
  author={De Melo, Rosangela Maria and Bezerra, Maria Clara and Dantas, Jamilson and Matos, Rubens and De Melo Filho, Ivanildo Jos{\'e} and Maciel, Paulo},
  journal={Mathematical Problems in Engineering},
  volume={2014},
  year={2014},
  publisher={Hindawi}
}

@article{matos2020bottleneck,
  title={Bottleneck Detection in Cloud Computing Performance and Dependability: Sensitivity Rankings for Hierarchical Models},
  author={Matos, Rubens and Dantas, Jamilson and Araujo, Eltton and Maciel, Paulo},
  journal={Journal of Network and Systems Management},
  volume={28},
  number={4},
  pages={1839--1871},
  year={2020},
  publisher={Springer}
}

// SENSITIVITY ANALYSIS METHODS

@article{hamby1995comparison,
  title={A comparison of sensitivity analysis techniques},
  author={Hamby, DM},
  journal={Health physics},
  volume={68},
  number={2},
  pages={195--204},
  year={1995},
  publisher={Citeseer}
}

@book{maciel_2023_vol1, place={New York}, title={Performance, reliability, and availability evaluation of computational systems}, volume={1}, publisher={Chapman &amp; Hall/CRC}, author={Martins Maciel, Paulo  Romero}, year={2023}} 

@book{maciel_2023_vol2, place={New York}, title={Performance, reliability, and availability evaluation of computational systems}, volume={2}, publisher={Chapman &amp; Hall/CRC}, author={Martins Maciel, Paulo Paulo}, year={2023}} 

@book{gspn98,
author = {Marsan, M. Ajmone and Balbo, G. and Conte, G. and Donatelli, S. and Franceschinis, G.},
title = {Modelling with Generalized Stochastic Petri Nets},
year = {1998},
address = {New York, NY, USA},
doi = {10.1145/288197.581193}.
}

@ARTICLE{Murata,
  author={Murata, T.},
  journal={Proceedings of the IEEE}, 
  title={Petri nets: Properties, analysis and applications}, 
  year={1989},
  volume={77},
  number={4},
  pages={541-580},
  doi={10.1109/5.24143}}